
@inproceedings{ Aral2009,
  author = "Sinan Aral and Lev Muchnik and Arun Sundararajan",
  title = "Distinguishing influence-based contagion from homophily-driven diffusion in dynamic networks",
  booktitle = "Proceedings of the National Academy of Sciences",
  pages = "21544--21549",
  month = "December",
  year = "2009"
}


@article{ Blondel2008,
  author = "Vincent D Blondel and Jean-Loup Guillaume and Renaud Lambiotte and Etienne Lefebvre",
  title = "Fast unfolding of communities in large networks",
  journal = "Journal of Statistical Mechanics: Theory and Experiment",
  volume = "2008",
  pages = "P10008",
  year = "2008"
}


@inproceedings{ Chen:2011,
  author = "Wei Chen and Zhenming Liu and Xiaorui Sun and Yajun Wang",
  title = "Community Detection in Social Networks Through Community Formation Games",
  booktitle = "Proceedings of the Twenty-Second International Joint Conference on Artificial Intelligence - Volume Volume Three",
  publisher = "AAAI Press",
  pages = "2576--2581",
  address = "Barcelona, Catalonia, Spain",
  year = "2011"
}

@inproceedings{ Expert2011,
  author = "Paul Expert and Tim S. Evans and Vincent D. Blondel and Renaud Lambiotte",
  title = "Uncovering space-independent communities in spatial networks",
  booktitle = "Proceedings of the National Academy of Sciences",
  pages = "7663â€“-7668",
  month = "January",
  year = "2011"
}


@article{ Liu2016,
  author = "Siyuan Liu and Shuhui Wang",
  title = "Trajectory Community Discovery and Recommendation by Multi-source Diffusion Modeling",
  journal = "IEEE Transactions on Knowledge and Data Engineering",
  volume = "PP",
  number = "99",
  pages = "1--1",
  year = "2016"
}


@book{ Plantie2013,
  author="Michel Planti{\'e} and Michel Crampes",
  title="Survey on Social Community Detection",
  publisher="Springer",
  address = "London",
  pages="65--85",
  year="2013",
}


@inproceedings{ Shimizu2008,
  author = "Hiroyuki Shimizu",
  title = "IMPLICIT RELATION ANALYSIS FOR MINING SOCIAL NETWORK OF COMMUNITY",
  booktitle = "Proceedings of the IADIS International Conference on WWW/Interne",
  address = "Freiburg, Germany",
  month = "October",
  year = "2008"
}



@inproceedings{ Song2010,
  author = "Meesun Song and Wonkyu Lee and Junghwan Kim",
  title = "Extraction and Visualization of Implicit Social Relations on Social Networking Services",
  booktitle = "Proceedings of the Twenty-Fourth AAAI Conference on Artificial Intelligence",
  pages = "1425--1430",
  publisher = "AAAI Press",
  address = "Atlanta, Georgia",
  year = "2010"
}


@book{ Steinhaeuser2008,
  author="Karsten Steinhaeuser and Nitesh V. Chawla",
  title="Community Detection in a Large Real-World Social Network",
  publisher = "Springer",
  address = "Boston, MA",
  year = "2008"
}

@article{ Xiao2014,
  author = "Xiangye Xiao and Yu Zheng and Qiong Luo and Xing Xie",
  title = "Inferring social ties between users with human location history",
  journal = "Journal of Ambient Intelligence and Humanized Computing",
  volume = "5",
  number = "1",
  pages = "3--19",
  year = "2014"
}




@article{ Zheng2015,
  author = "Yu Zheng",
  title = "Trajectory Data Mining: An Overview",
  journal = "ACM Trans. Intell. Syst. Technol.",
  volume = "6",
  number = "3",
  pages = "29:1--29:41",
  month = "May",
  year = "2015"
}







@book{ abelson-et-al:scheme,
  author = "Harold Abelson and Gerald~Jay Sussman and Julie Sussman",
  title = "Structure and Interpretation of Computer Programs",
  publisher = "MIT Press",
  address = "Cambridge, Massachusetts",
  year = "1985"
}

@inproceedings{ bgf:Lixto,
  author = "Robert Baumgartner and Georg Gottlob and Sergio Flesca",
  title = "Visual Information Extraction with {Lixto}",
  booktitle = "Proceedings of the 27th International Conference on Very Large Databases",
  pages = "119--128",
  publisher = "Morgan Kaufmann",
  address = "Rome, Italy",
  month = "September",
  year = "2001"
}

@article{ brachman-schmolze:kl-one,
  author = "Ronald~J. Brachman and James~G. Schmolze",
  title = "An overview of the {KL-ONE} knowledge representation system",
  journal = "Cognitive Science",
  volume = "9",
  number = "2",
  pages = "171--216",
  month = "April--June",
  year = "1985"
}

@article{ gottlob:nonmon,
  author = "Georg Gottlob",
  title = "Complexity results for nonmonotonic logics",
  journal = "Journal of Logic and Computation",
  volume = "2",
  number = "3",
  pages = "397--425",
  month = "June",
  year = "1992"
}

@article{ gls:hypertrees,
  author = "Georg Gottlob and Nicola Leone and Francesco Scarcello",
  title = "Hypertree Decompositions and Tractable Queries",
  journal = "Journal of Computer and System Sciences",
  volume = "64",
  number = "3",
  pages = "579--627",
  month = "May",
  year = "2002"
}

@article{ levesque:functional-foundations,
  author = "Hector~J. Levesque",
  title = "Foundations of a functional approach to knowledge representation",
  journal = "Artificial Intelligence",
  volume = "23",
  number = "2",
  pages = "155--212",
  month = "July",
  year = "1984"
}

@inproceedings{ levesque:belief,
  author = "Hector~J. Levesque",
  title = "A logic of implicit and explicit belief",
  booktitle = "Proceedings of the Fourth National Conference on Artificial Intelligence",
  publisher = "American Association for Artificial Intelligence",
  pages = "198--202",
  address = "Austin, Texas",
  month = "August",
  year = "1984"
}

@article{ nebel:jair-2000,
  author = "Bernhard Nebel",
  title = "On the compilability and expressive power of propositional planning formalisms",
  journal = "Journal of Artificial Intelligence Research",
  volume = "12",
  pages = "271--315",
  year = "2000"
}
